@MISC{Hsu10apractical,
    author = {Chih-wei Hsu and Chih-chung Chang and Chih-jen Lin},
    title = {A practical guide to support vector classification },
    year = {2010}
}
 
@ARTICLE{Hothorn06unbiasedrecursive,
    author = {Torsten Hothorn and Kurt Hornik and Achim Zeileis},
    title = {Unbiased recursive partitioning: A conditional inference framework},
    journal = {JOURNAL OF COMPUTATIONAL AND GRAPHICAL STATISTICS},
    year = {2006},
    volume = {15},
    number = {3},
    pages = {651--674}
}

@Article{,
    title = {Bias in Random Forest Variable Importance Measures:
      Illustrations, Sources and a Solution},
    author = {Carolin Strobl and Anne-Laure Boulesteix and Achim
      Zeileis and Torsten Hothorn},
    journal = {BMC Bioinformatics},
    year = {2007},
    volume = {8},
    number = {25},
    url = {http://www.biomedcentral.com/1471-2105/8/25},
  }
@Article{,
    title = {Conditional Variable Importance for Random Forests},
    author = {Carolin Strobl and Anne-Laure Boulesteix and Thomas Kneib
      and Thomas Augustin and Achim Zeileis},
    journal = {BMC Bioinformatics},
    year = {2008},
    volume = {9},
    number = {307},
    url = {http://www.biomedcentral.com/1471-2105/9/307},
  }